<?xml version="1.0" encoding="UTF-8" ?>
<record Numero="14844834" format="InterXMarc_Complet" type="Authority">
<leader>00612c1 au22000272  45  <Pos Code="0004">00612</Pos>
<Pos Code="05" Sens="notice modifiée">c</Pos>
<Pos Code="06" Sens="notice validée en catalogage courant">1</Pos>
<Pos Code="08" Sens="notice d&apos;autorité">a</Pos>
<Pos Code="09" Sens="titre uniforme musical (TUM)">u</Pos>
<Pos Code="10">2</Pos>
<Pos Code="11">2</Pos>
<Pos Code="1216">00027</Pos>
<Pos Code="17" Sens="autres cas">2</Pos>
<Pos Code="20">4</Pos>
<Pos Code="21">5</Pos>
</leader>
<controlfield tag="001">FRBNF148448345<Pos Code="0001">FR</Pos>
<Pos Code="0204">BNF</Pos>
<Pos Code="0512">14844834</Pos>
<Pos Code="13">5</Pos>
</controlfield>
<controlfield tag="008">040930081015yyfre ct                  1728                   1   <Pos Code="0001">04</Pos>
<Pos Code="0203">09</Pos>
<Pos Code="0405">30</Pos>
<Pos Code="0607">08</Pos>
<Pos Code="0809">10</Pos>
<Pos Code="1011">15</Pos>
<Pos Code="1213" Sens="ne s&apos;applique pas">yy</Pos>
<Pos Code="1416" Sens="français">fre</Pos>
<Pos Code="1820">ct </Pos>
<Pos Code="3841">1728</Pos>
<Pos Code="61" Sens="La vedette peut être liée à une notice bibliographique sauf pour l&apos;accès matière RAMEAU">1</Pos>
</controlfield>
<datafield tag="048" ind1=" " ind2=" ">
	<subfield code="b">va01<Pos Code="0001" Sens="voix - soprano">va</Pos>
<Pos Code="02">0</Pos>
<Pos Code="03">1</Pos>
</subfield>
	<subfield code="a">sa02<Pos Code="0001" Sens="cordes frottées - violon">sa</Pos>
<Pos Code="02">0</Pos>
<Pos Code="03">2</Pos>
</subfield>
	<subfield code="a">zb01<Pos Code="0001" Sens="basse continue - instruments non spécifiés">zb</Pos>
<Pos Code="02">0</Pos>
<Pos Code="03">1</Pos>
</subfield>
</datafield>
<datafield tag="100" ind1=" " ind2=" ">
	<subfield code="3">13898799</subfield>
	<subfield code="w"> 0  b     </subfield>
	<subfield code="a">Rameau</subfield>
	<subfield code="m">Jean-Philippe</subfield>
	<subfield code="d">1683-1764</subfield>
</datafield>
<datafield tag="144" ind1="1" ind2=" ">
	<subfield code="w">....b.fre.</subfield>
	<subfield code="a" Barre="3">Le berger fidèle</subfield>
	<subfield code="k">RCT 24</subfield>
</datafield>
<datafield tag="502" ind1=" " ind2=" ">
	<subfield code="3">14720254</subfield>
	<subfield code="a">Rameau</subfield>
	<subfield code="m">Jean-Philippe</subfield>
	<subfield code="d">1683-1764</subfield>
	<subfield code="t">[Cantates. RCT 22-28]</subfield>
</datafield>
<datafield tag="600" ind1=" " ind2=" ">
	<subfield code="a">Date de composition : avant le 22 novembre 1728</subfield>
	<subfield code="a">1re éd. : Paris : l&apos;auteur : Boivin : Le Clerc, [ca 1729-1730]</subfield>
</datafield>
<datafield tag="610" ind1=" " ind2=" ">
	<subfield code="a">Bouissou et Herlin, Rameau</subfield>
	<subfield code="a">Grove music online</subfield>
	<subfield code="u">http://www.grovemusic.com</subfield>
	<subfield code="d">2007-05-03</subfield>
</datafield>
<datafield tag="917" ind1=" " ind2=" ">
	<subfield code="o">OPD</subfield>
	<subfield code="a">100744510</subfield>
	<subfield code="b">ATUM</subfield>
</datafield>
<datafield tag="917" ind1=" " ind2=" ">
	<subfield code="o">OPC</subfield>
	<subfield code="a">100473800</subfield>
</datafield>
<datafield tag="996" ind1=" " ind2=" ">
	<subfield code="o">OPP</subfield>
	<subfield code="a">13917672</subfield>
	<subfield code="d">20070503</subfield>
</datafield>
<Attr Nom="IDPerenne">ark:/12148/cb14844834d</Attr>
<Attr Nom="NumSource">OPD 100744510</Attr>
<Attr Nom="Source" Sens="BnF catalogue général (depuis 1999)">A</Attr>
<Attr Nom="NumAutoriteLiee">1389879914720254</Attr>
<Attr Nom="DateCreation">30/09/ 2004</Attr>
<Attr Nom="ResponsableCreation">MIGV3</Attr>
<Attr Nom="StructCreation">1</Attr>
<Attr Nom="DateDerniereValidation">09/11/ 2010</Attr>
<Attr Nom="ResponsableDerniereValidation">MIGV4</Attr>
<Attr Nom="StructPremiereValidation">1</Attr>
<Attr Nom="DatePremiereValidation">30/09/ 2004</Attr>
<Attr Nom="ResponsablePremiereValidation">MIGV3</Attr>
<Attr Nom="StructDerniereValidation">1</Attr>
<Attr Nom="NumSource" Rep="1">OPC 100473800</Attr>
<Attr Nom="NumSource" Rep="2">OPP 13917672</Attr>
</record>
